% This is annote.bib
% Author: Ayman Ammoura
% A demo for CMPUT 603 Fall 2002.
% The order of the following entries is irrelevant. They will be sorted according to the
% bibliography style used.
%%%%%%%%%%%%%%%%%%%%%%%%%%%%%%%%%%%%%%%%%%%%%%%%%%%%%%%%%%%%%%%%%%%%%%%%%%%%%%%%%%%%%%%%%

% The following is a conference paper

@article{pifsterer2018big,
  title={Big bang art history},
  author={Pifsterer, U.},
  journal={International Journal for Digital Art History},
  number={3},
  year={2018},
  month={July},
}

@article{blum2010prospect,
  title={The prospect of Oceanic Studies},
  author={Blum, H.},
  journal={PMLA/Publications of the Modern Language Association of America},
  volume={125},
  number={3},
  pages={670--677},
  year={2010},
  publisher={JSTOR},
  doi={https://doi.org/10.1632/pmla.2010.125.3.670}
}

@article{casati2020borgesian,
  title={Borgesian maps},
  author={Casati, R. and Kulvicki, J. and Zeimbekis, J.},
  journal={Analytic Philosophy},
  volume={63},
  number={2},
  pages={90--98},
  year={2020},
  publisher={Wiley Online Library},
  doi={https://doi.org/10.1111/phib.12204}
}

@book{clarke2010water,
  title={Water and art: A Cross Cultural Study of water as subject and medium in modern and contemporary artistic practice},
  author={Clarke, D. J.},
  year={2010},
  publisher={Reaktion Books},
}

@book{doyle1992maracot,
  title={The Maracot deep},
  author={Doyle, A. C.},
  year={1992},
  publisher={Tokyo Sogensha},
}

@book{clarke2010water,
  title={Water and art: A Cross Cultural Study of water as subject and medium in modern and contemporary artistic practice},
  author={Clarke, D. J.},
  year={2010},
  publisher={Reaktion Books},
}

@book{doyle1992maracot,
  title={The Maracot deep},
  author={Doyle, A. C.},
  year={1992},
  publisher={Tokyo Sogensha},
}

@article{dupont2017ocean,
  title={I am the ocean--arts and sciences to move from ocean literacy to passion for the ocean},
  author={Dupont, S.},
  journal={Journal of the Marine Biological Association of the United Kingdom},
  volume={97},
  number={6},
  pages={1211--1213},
  year={2017},
  publisher={Cambridge University Press},
  doi={https://doi.org/10.1017/s0025315417000376}
}

@thesis{fluence2014vocabulary,
  title={A vocabulary of water: How water in contemporary art materialises the conditions of contemporaneity},
  author={Fluence, T. E.},
  year={2014},
  school={University of Melbourne},
}

@book{glissant2018poetic,
  title={Poetic intention},
  author={Glissant, É. and Nathanaël, and Malena, A.},
  year={2018},
  publisher={Nightboat Books},
}

@book{katz2000beneath,
  title={Beneath the surface: Critical essays in the philosophy of Deep Ecology},
  author={Katz, E. and Light, A. and Rothenberg, D.},
  year={2000},
  publisher={The MIT Press},
}


@book{lem2021solaris,
  title={Solaris},
  author={Lem, S. and Jasienko, J.-M. and Lem, S.},
  year={2021},
  publisher={Actes Sud},
}

@book{london2020martin,
  title={Martin Iden},
  author={London, J. and Oblonskai͡a R. E.},
  year={2020},
  publisher={Rosmėn},
}

@book{morton2018dark,
  title={Dark ecology: For a logic of future coexistence},
  author={Morton, T.},
  year={2018},
  publisher={Columbia University Press},
}

@book{morton2021hyperobjects,
  title={Hyperobjects philosophy and ecology after the end of the world},
  author={Morton, T.},
  year={2021},
  publisher={University of Minnesota Press},
}

@book{osborne2013anywhere,
  title={Anywhere or not at all: Philosophy of contemporary art},
  author={Osborne, P.},
  year={2013},
  publisher={Verso},
}

@article{peters2019ocean,
  title={The ocean in excess: Towards a more-than-wet ontology},
  author={Peters, K. and Steinberg, P.},
  journal={Dialogues in Human Geography},
  volume={9},
  number={3},
  pages={293--307},
  year={2019},
  publisher={SAGE Publications Sage UK: London, England},
  doi={https://doi.org/10.1177/2043820619872886},
}
